<?xml version="1.0"?>
<collection>

<record xmlns:xsi="http://www.w3.org/2001/XMLSchema-instance" xmlns="http://www.loc.gov/MARC21/slim" xsi:schemaLocation="http://www.loc.gov/MARC21/slim http://www.loc.gov/standards/marcxml/schema/MARC21slim.xsd" type="Bibliographic">
  <leader>11679nam a22018012  4500</leader>
  <controlfield tag="001">1686013310</controlfield>
  <controlfield tag="003">DE-627</controlfield>
  <controlfield tag="005">20191219105015.0</controlfield>
  <controlfield tag="007">cr uuu---uuuuu</controlfield>
  <controlfield tag="008">191219s2019    xx |||||o     00| ||ger c</controlfield>
  <datafield tag="020" ind1=" " ind2=" ">
   <subfield code="a">9783111360362</subfield>
   <subfield code="9">978-3-11-136036-2</subfield>
  </datafield>
  <datafield tag="024" ind1="7" ind2=" ">
   <subfield code="a">10.1515/9783111360362</subfield>
   <subfield code="2">doi</subfield>
  </datafield>
  <datafield tag="035" ind1=" " ind2=" ">
   <subfield code="a">(DE-627)1686013310</subfield>
  </datafield>
  <datafield tag="035" ind1=" " ind2=" ">
   <subfield code="a">(DE-599)KEP045261636</subfield>
  </datafield>
  <datafield tag="035" ind1=" " ind2=" ">
   <subfield code="a">(DE-B1597)66495</subfield>
  </datafield>
  <datafield tag="035" ind1=" " ind2=" ">
   <subfield code="a">(EBP)045261636</subfield>
  </datafield>
  <datafield tag="040" ind1=" " ind2=" ">
   <subfield code="a">DE-627</subfield>
   <subfield code="b">eng</subfield>
   <subfield code="c">DE-627</subfield>
   <subfield code="e">rda</subfield>
  </datafield>
  <datafield tag="041" ind1=" " ind2=" ">
   <subfield code="a">ger</subfield>
  </datafield>
  <datafield tag="044" ind1=" " ind2=" ">
   <subfield code="c">XA-DE</subfield>
  </datafield>
  <datafield tag="084" ind1=" " ind2=" ">
   <subfield code="a">BUS069000</subfield>
   <subfield code="2">BISAC</subfield>
  </datafield>
  <datafield tag="084" ind1=" " ind2=" ">
   <subfield code="a">BUS000000</subfield>
   <subfield code="2">BISAC</subfield>
  </datafield>
  <datafield tag="100" ind1="1" ind2=" ">
   <subfield code="a">Jaeger, Fritz</subfield>
   <subfield code="e">verfasserin</subfield>
   <subfield code="4">aut</subfield>
  </datafield>
  <datafield tag="245" ind1="1" ind2="0">
   <subfield code="a">Afrika</subfield>
   <subfield code="b">Teil 1: Der Lebensraum</subfield>
   <subfield code="c">Fritz Jaeger</subfield>
  </datafield>
  <datafield tag="250" ind1=" " ind2=" ">
   <subfield code="a">2., umgearb. Aufl. Reprint 2019</subfield>
  </datafield>
  <datafield tag="264" ind1=" " ind2="1">
   <subfield code="a">Berlin</subfield>
   <subfield code="a">Boston</subfield>
   <subfield code="b">De Gruyter</subfield>
   <subfield code="c">[2019]</subfield>
  </datafield>
  <datafield tag="300" ind1=" " ind2=" ">
   <subfield code="a">1 Online-Ressource</subfield>
   <subfield code="b">1 Faltaf</subfield>
  </datafield>
  <datafield tag="336" ind1=" " ind2=" ">
   <subfield code="a">Text</subfield>
   <subfield code="b">txt</subfield>
   <subfield code="2">rdacontent</subfield>
  </datafield>
  <datafield tag="337" ind1=" " ind2=" ">
   <subfield code="a">Computermedien</subfield>
   <subfield code="b">c</subfield>
   <subfield code="2">rdamedia</subfield>
  </datafield>
  <datafield tag="338" ind1=" " ind2=" ">
   <subfield code="a">Online-Ressource</subfield>
   <subfield code="b">cr</subfield>
   <subfield code="2">rdacarrier</subfield>
  </datafield>
  <datafield tag="490" ind1="0" ind2=" ">
   <subfield code="a">Sammlung G&#xF6;schen</subfield>
   <subfield code="v">910</subfield>
  </datafield>
  <datafield tag="520" ind1=" " ind2=" ">
   <subfield code="a">Frontmatter -- Inhalt -- Schrifttum -- Erstes Kapitel: Die Weltlage Afrikas -- Zweites Kapitel: Das Klima Afrikas -- Drittes Kapitel: Bau und Bodengestalt Afrikas -- Viertes Kapitel: Die Gew&#xE4;sser Afrikas -- F&#xFC;nftes Kapitel: Die Bodendecke Afrikas und ihre Zerst&#xF6;rung. Die Austrocknungsfrage -- Sechstes Kapitel: Die Pflanzen- und Tierwelt Afrikas -- Siebentes Kapitel: Afrikas Eignung als Lebensraum -- Achtes Kapitel: Die landschaftliche Gliederung Afrikas -- Register -- Front Matter 2 -- Sammlung G&#xF6;schen. Unser Heutiges Wissen In Kurzen, Klaren, Allgemeinverst&#xE4;ndlichen Einzeldarstellungen -- Naturwissenschaften und Technik -- Geisteswissenschaften -- Sammlung G&#xF6;schen / Bandnummernfolge</subfield>
  </datafield>
  <datafield tag="533" ind1=" " ind2=" ">
   <subfield code="a">[Online-Ausg.]</subfield>
  </datafield>
  <datafield tag="538" ind1=" " ind2=" ">
   <subfield code="a">Mode of access: Internet via World Wide Web.</subfield>
  </datafield>
  <datafield tag="546" ind1=" " ind2=" ">
   <subfield code="a">In German</subfield>
  </datafield>
  <datafield tag="650" ind1=" " ind2="4">
   <subfield code="a">BUSINESS &amp; ECONOMICS / General</subfield>
  </datafield>
  <datafield tag="776" ind1="1" ind2=" ">
   <subfield code="z">9783111003078</subfield>
  </datafield>
  <datafield tag="776" ind1="0" ind2="8">
   <subfield code="i">Erscheint auch als</subfield>
   <subfield code="n">print</subfield>
   <subfield code="z">9783111003078</subfield>
  </datafield>
  <datafield tag="856" ind1="4" ind2="0">
   <subfield code="u">https://doi.org/10.1515/9783111360362</subfield>
   <subfield code="m">X:GRUY</subfield>
   <subfield code="x">Resolving-System</subfield>
  </datafield>
  <datafield tag="856" ind1="4" ind2="2">
   <subfield code="u">https://www.degruyter.com/doc/cover/9783111360362.jpg</subfield>
   <subfield code="m">X:GRUY</subfield>
   <subfield code="x">Verlag</subfield>
   <subfield code="3">Cover</subfield>
  </datafield>
  <datafield tag="912" ind1=" " ind2=" ">
   <subfield code="a">EBA-BACKALL</subfield>
  </datafield>
  <datafield tag="912" ind1=" " ind2=" ">
   <subfield code="a">EBA-CL-LAEC</subfield>
  </datafield>
  <datafield tag="912" ind1=" " ind2=" ">
   <subfield code="a">EBA-DGALL</subfield>
  </datafield>
  <datafield tag="912" ind1=" " ind2=" ">
   <subfield code="a">GBV-deGruyter-alles</subfield>
  </datafield>
  <datafield tag="912" ind1=" " ind2=" ">
   <subfield code="a">PDA11SSHE</subfield>
  </datafield>
  <datafield tag="912" ind1=" " ind2=" ">
   <subfield code="a">PDA14ALL</subfield>
  </datafield>
  <datafield tag="912" ind1=" " ind2=" ">
   <subfield code="a">PDA16SSH</subfield>
  </datafield>
  <datafield tag="912" ind1=" " ind2=" ">
   <subfield code="a">PDA1ALL</subfield>
  </datafield>
  <datafield tag="912" ind1=" " ind2=" ">
   <subfield code="a">PDA2</subfield>
  </datafield>
  <datafield tag="912" ind1=" " ind2=" ">
   <subfield code="a">PDA2HUM</subfield>
  </datafield>
  <datafield tag="912" ind1=" " ind2=" ">
   <subfield code="a">PDA5EBK</subfield>
  </datafield>
  <datafield tag="912" ind1=" " ind2=" ">
   <subfield code="a">GBV_ILN_11</subfield>
  </datafield>
  <datafield tag="912" ind1=" " ind2=" ">
   <subfield code="a">SYSFLAG_1</subfield>
  </datafield>
  <datafield tag="912" ind1=" " ind2=" ">
   <subfield code="a">GBV_KXP</subfield>
  </datafield>
  <datafield tag="912" ind1=" " ind2=" ">
   <subfield code="a">GBV_ILN_21</subfield>
  </datafield>
  <datafield tag="912" ind1=" " ind2=" ">
   <subfield code="a">GBV_ILN_23</subfield>
  </datafield>
  <datafield tag="912" ind1=" " ind2=" ">
   <subfield code="a">GBV_ILN_30</subfield>
  </datafield>
  <datafield tag="912" ind1=" " ind2=" ">
   <subfield code="a">GBV_ILN_31</subfield>
  </datafield>
  <datafield tag="912" ind1=" " ind2=" ">
   <subfield code="a">GBV_ILN_34</subfield>
  </datafield>
  <datafield tag="912" ind1=" " ind2=" ">
   <subfield code="a">GBV_ILN_65</subfield>
  </datafield>
  <datafield tag="912" ind1=" " ind2=" ">
   <subfield code="a">GBV_ILN_72</subfield>
  </datafield>
  <datafield tag="912" ind1=" " ind2=" ">
   <subfield code="a">GBV_ILN_74</subfield>
  </datafield>
  <datafield tag="912" ind1=" " ind2=" ">
   <subfield code="a">GBV_ILN_90</subfield>
  </datafield>
  <datafield tag="912" ind1=" " ind2=" ">
   <subfield code="a">GBV_ILN_95</subfield>
  </datafield>
  <datafield tag="912" ind1=" " ind2=" ">
   <subfield code="a">GBV_ILN_110</subfield>
  </datafield>
  <datafield tag="912" ind1=" " ind2=" ">
   <subfield code="a">GBV_ILN_120</subfield>
  </datafield>
  <datafield tag="912" ind1=" " ind2=" ">
   <subfield code="a">GBV_ILN_122</subfield>
  </datafield>
  <datafield tag="912" ind1=" " ind2=" ">
   <subfield code="a">GBV_ILN_140</subfield>
  </datafield>
  <datafield tag="912" ind1=" " ind2=" ">
   <subfield code="a">GBV_ILN_264</subfield>
  </datafield>
  <datafield tag="912" ind1=" " ind2=" ">
   <subfield code="a">GBV_ILN_2005</subfield>
  </datafield>
  <datafield tag="912" ind1=" " ind2=" ">
   <subfield code="a">GBV_ILN_2014</subfield>
  </datafield>
  <datafield tag="912" ind1=" " ind2=" ">
   <subfield code="a">GBV_ILN_2021</subfield>
  </datafield>
  <datafield tag="912" ind1=" " ind2=" ">
   <subfield code="a">GBV_ILN_2025</subfield>
  </datafield>
  <datafield tag="912" ind1=" " ind2=" ">
   <subfield code="a">GBV_ILN_2049</subfield>
  </datafield>
  <datafield tag="912" ind1=" " ind2=" ">
   <subfield code="a">GBV_ILN_2063</subfield>
  </datafield>
  <datafield tag="912" ind1=" " ind2=" ">
   <subfield code="a">GBV_ILN_2108</subfield>
  </datafield>
  <datafield tag="912" ind1=" " ind2=" ">
   <subfield code="a">GBV_ILN_2111</subfield>
  </datafield>
  <datafield tag="912" ind1=" " ind2=" ">
   <subfield code="a">GBV_ILN_2118</subfield>
  </datafield>
  <datafield tag="951" ind1=" " ind2=" ">
   <subfield code="a">BO</subfield>
  </datafield>
  <datafield tag="980" ind1=" " ind2=" ">
   <subfield code="2">11</subfield>
   <subfield code="1">01</subfield>
   <subfield code="b">3660463116</subfield>
   <subfield code="f">5</subfield>
   <subfield code="g">Bestand: . - Zugriff f&#xFC;r registrierte Benutzer der SBB</subfield>
   <subfield code="h">DeGruyter</subfield>
   <subfield code="k">REMOTE ACCESS</subfield>
   <subfield code="k">Tempor&#xE4;r im Bestand der Staatsbibliothek</subfield>
   <subfield code="x">0001</subfield>
   <subfield code="y">k</subfield>
   <subfield code="z">06-05-20</subfield>
  </datafield>
  <datafield tag="980" ind1=" " ind2=" ">
   <subfield code="2">21</subfield>
   <subfield code="1">01</subfield>
   <subfield code="b">358844324X</subfield>
   <subfield code="h">ebook_2019_degruyter_ebs</subfield>
   <subfield code="k">Freie Nutzung im Campusnetz der Universitaet und der Hochschulen im Lande Bremen</subfield>
   <subfield code="x">0046</subfield>
   <subfield code="y">zza</subfield>
   <subfield code="z">05-02-20</subfield>
  </datafield>
  <datafield tag="980" ind1=" " ind2=" ">
   <subfield code="2">23</subfield>
   <subfield code="1">01</subfield>
   <subfield code="b">3569106519</subfield>
   <subfield code="h">olr-degruyter3</subfield>
   <subfield code="k">Vervielf&#xE4;ltigungen (z.B. Kopien, Downloads) sind nur von einzelnen Kapiteln oder Seiten und nur zum eigenen wissenschaftlichen Gebrauch erlaubt. Keine Weitergabe an Dritte. Kein systematisches Downloaden durch Robots.</subfield>
   <subfield code="x">0830</subfield>
   <subfield code="y">z</subfield>
   <subfield code="z">21-12-19</subfield>
  </datafield>
  <datafield tag="980" ind1=" " ind2=" ">
   <subfield code="2">30</subfield>
   <subfield code="1">01</subfield>
   <subfield code="b">3569188078</subfield>
   <subfield code="h">OLR-DG-PDA</subfield>
   <subfield code="k">Campusweiter Zugriff. - Vervielf&#xE4;ltigungen (z.B. Kopien, Downloads) sind nur von einzelnen Kapiteln oder Seiten und nur zum eigenen wissenschaftlichen Gebrauch erlaubt. Keine Weitergabe an Dritte. Kein systematisches Downloaden durch Robots.</subfield>
   <subfield code="x">0104</subfield>
   <subfield code="y">z</subfield>
   <subfield code="z">21-12-19</subfield>
  </datafield>
  <datafield tag="980" ind1=" " ind2=" ">
   <subfield code="2">31</subfield>
   <subfield code="1">01</subfield>
   <subfield code="b">3586379080</subfield>
   <subfield code="k">** Dieses E-Book steht Ihnen 2020 zur Verf&#xFC;gung. **</subfield>
   <subfield code="k">Vervielf&#xE4;ltigungen (z.B. Kopien, Downloads) sind nur von einzelnen Kapiteln oder Seiten und nur zum eigenen wissenschaftlichen Gebrauch erlaubt. Keine Weitergabe an Dritte. Kein systematisches Downloaden.</subfield>
   <subfield code="x">0027</subfield>
   <subfield code="y">z</subfield>
   <subfield code="z">01-02-20</subfield>
  </datafield>
  <datafield tag="980" ind1=" " ind2=" ">
   <subfield code="2">34</subfield>
   <subfield code="1">01</subfield>
   <subfield code="b">3630325610</subfield>
   <subfield code="h">OLR-DG-Corona</subfield>
   <subfield code="k">Vervielf&#xE4;ltigungen (z.B. Kopien, Downloads) sind nur von einzelnen Kapiteln oder Seiten und nur zum eigenen wissenschaftlichen Gebrauch erlaubt. Die Weitergabe an Dritte sowie systematisches Downloaden sind untersagt.</subfield>
   <subfield code="x">3551</subfield>
   <subfield code="y">z</subfield>
   <subfield code="z">22-04-20</subfield>
  </datafield>
  <datafield tag="980" ind1=" " ind2=" ">
   <subfield code="2">65</subfield>
   <subfield code="1">01</subfield>
   <subfield code="b">3598898819</subfield>
   <subfield code="d">ebook</subfield>
   <subfield code="h">OLR-ZDB-23-GBE</subfield>
   <subfield code="k">Vervielf&#xE4;ltigungen (z.B. Kopien, Downloads) sind nur von einzelnen Kapiteln oder Seiten und nur zum eigenen wissenschaftlichen Gebrauch erlaubt. Keine Weitergabe an Dritte. Kein systematisches Downloaden durch Robots.</subfield>
   <subfield code="x">0003</subfield>
   <subfield code="y">k3o</subfield>
   <subfield code="z">27-02-20</subfield>
  </datafield>
  <datafield tag="980" ind1=" " ind2=" ">
   <subfield code="2">72</subfield>
   <subfield code="1">01</subfield>
   <subfield code="b">3568385651</subfield>
   <subfield code="h">OLR-DG-PDA11SSHE</subfield>
   <subfield code="k">Vervielf&#xE4;ltigungen (z.B. Kopien, Downloads) sind nur von einzelnen Kapiteln oder Seiten und nur zum eigenen wissenschaftlichen Gebrauch erlaubt. Keine Weitergabe an Dritte. Kein systematisches Downloaden durch Robots.</subfield>
   <subfield code="x">0035</subfield>
   <subfield code="y">z</subfield>
   <subfield code="z">20-12-19</subfield>
  </datafield>
  <datafield tag="980" ind1=" " ind2=" ">
   <subfield code="2">74</subfield>
   <subfield code="1">01</subfield>
   <subfield code="b">3640728084</subfield>
   <subfield code="h">OLR-ESP</subfield>
   <subfield code="k">Vervielf&#xE4;ltigungen (z.B. Kopien, Downloads) sind nur von einzelnen Kapiteln oder Seiten und nur zum eigenen wissenschaftlichen Gebrauch erlaubt. Die Weitergabe an Dritte sowie systematisches Downloaden sind untersagt.</subfield>
   <subfield code="x">0354</subfield>
   <subfield code="y">ze</subfield>
   <subfield code="z">28-04-20</subfield>
  </datafield>
  <datafield tag="980" ind1=" " ind2=" ">
   <subfield code="2">90</subfield>
   <subfield code="1">01</subfield>
   <subfield code="b">356926971X</subfield>
   <subfield code="h">OLR-HILdegruyter</subfield>
   <subfield code="k">Vervielf&#xE4;ltigungen (z.B. Kopien, Downloads) sind nur von einzelnen Kapiteln oder Seiten und nur zum eigenen wissenschaftlichen Gebrauch erlaubt. Die Weitergabe an Dritte sowie systematisches Downloaden sind untersagt.</subfield>
   <subfield code="x">3090</subfield>
   <subfield code="y">z</subfield>
   <subfield code="z">21-12-19</subfield>
  </datafield>
  <datafield tag="980" ind1=" " ind2=" ">
   <subfield code="2">95</subfield>
   <subfield code="1">01</subfield>
   <subfield code="b">356846778X</subfield>
   <subfield code="h">OLR-DEGRUYTER</subfield>
   <subfield code="k">Ausdruck und Kopien sind ausschlie&#xDF;lich f&#xFC;r den eigenen wissenschaftlichen Gebrauch gestattet</subfield>
   <subfield code="x">3095</subfield>
   <subfield code="y">z1</subfield>
   <subfield code="z">20-12-19</subfield>
  </datafield>
  <datafield tag="980" ind1=" " ind2=" ">
   <subfield code="2">110</subfield>
   <subfield code="1">01</subfield>
   <subfield code="b">3569351440</subfield>
   <subfield code="h">OLR-DEGRUYTER-EBS-2018</subfield>
   <subfield code="k">Vervielf&#xE4;ltigungen (z.B. Kopien, Downloads) sind nur von einzelnen Kapiteln oder Seiten und nur zum eigenen wissenschaftlichen Gebrauch erlaubt. Die Weitergabe an Dritte sowie systematisches Downloaden sind untersagt.</subfield>
   <subfield code="k">Volltextzugriff nur f&#xFC;r berechtigte Personen &#xFC;ber das Campusnetz</subfield>
   <subfield code="l">GBV-deGruyter-PDA5EBK</subfield>
   <subfield code="x">3110</subfield>
   <subfield code="y">z</subfield>
   <subfield code="z">21-12-19</subfield>
  </datafield>
  <datafield tag="980" ind1=" " ind2=" ">
   <subfield code="2">120</subfield>
   <subfield code="1">01</subfield>
   <subfield code="b">3569704645</subfield>
   <subfield code="k">Campusweiter Zugriff (Universit&#xE4;t Oldenburg). - Vervielf&#xE4;ltigungen (z.B. Kopien, Downloads) sind nur von einzelnen Kapiteln oder Seiten und nur zum eigenen wissenschaftlichen Gebrauch erlaubt. Keine Weitergabe an Dritte. Kein systematisches Downloaden durch Robots.</subfield>
   <subfield code="x">0715</subfield>
   <subfield code="y">z</subfield>
   <subfield code="z">21-12-19</subfield>
  </datafield>
  <datafield tag="980" ind1=" " ind2=" ">
   <subfield code="2">120</subfield>
   <subfield code="1">02</subfield>
   <subfield code="b">3586685084</subfield>
   <subfield code="e">g</subfield>
   <subfield code="h">alma</subfield>
   <subfield code="x">0715</subfield>
   <subfield code="y">z</subfield>
   <subfield code="z">03-02-20</subfield>
  </datafield>
  <datafield tag="980" ind1=" " ind2=" ">
   <subfield code="2">122</subfield>
   <subfield code="1">01</subfield>
   <subfield code="b">3568544091</subfield>
   <subfield code="h">OLR-deGruyter-EBS</subfield>
   <subfield code="k">Vervielf&#xE4;ltigungen (z.B. Kopien, Downloads) sind nur von einzelnen Kapiteln oder Seiten und nur zum eigenen wissenschaftlichen Gebrauch erlaubt. Keine Weitergabe an Dritte. Kein systematisches Downloaden durch Robots</subfield>
   <subfield code="x">0897</subfield>
   <subfield code="y">z</subfield>
   <subfield code="z">20-12-19</subfield>
  </datafield>
  <datafield tag="980" ind1=" " ind2=" ">
   <subfield code="2">140</subfield>
   <subfield code="1">01</subfield>
   <subfield code="b">3568954826</subfield>
   <subfield code="h">OLR-deGruyter-EBS</subfield>
   <subfield code="k">Vervielf&#xE4;ltigungen (z.B. Kopien, Downloads) sind nur von einzelnen Kapiteln oder Seiten und nur zum eigenen wissenschaftlichen Gebrauch erlaubt. Keine Weitergabe an Dritte. Kein systematisches Downloaden durch Robots</subfield>
   <subfield code="x">0839</subfield>
   <subfield code="y">z</subfield>
   <subfield code="z">20-12-19</subfield>
  </datafield>
  <datafield tag="980" ind1=" " ind2=" ">
   <subfield code="2">264</subfield>
   <subfield code="1">01</subfield>
   <subfield code="b">3571429230</subfield>
   <subfield code="h">OLR-deGruyter-EBS</subfield>
   <subfield code="k">Vervielf&#xE4;ltigungen (z.B. Kopien, Downloads) sind nur von einzelnen Kapiteln oder Seiten und nur zum eigenen wissenschaftlichen Gebrauch erlaubt. Keine Weitergabe an Dritte. Kein systematisches Downloaden durch Robots</subfield>
   <subfield code="x">3264</subfield>
   <subfield code="y">z</subfield>
   <subfield code="z">02-01-20</subfield>
  </datafield>
  <datafield tag="980" ind1=" " ind2=" ">
   <subfield code="2">2005</subfield>
   <subfield code="1">01</subfield>
   <subfield code="b">3673459899</subfield>
   <subfield code="k">Zugriff nur aus dem Universit&#xE4;tsnetz</subfield>
   <subfield code="x">21355</subfield>
   <subfield code="y">l01</subfield>
   <subfield code="z">28-05-20</subfield>
  </datafield>
  <datafield tag="980" ind1=" " ind2=" ">
   <subfield code="2">2014</subfield>
   <subfield code="1">01</subfield>
   <subfield code="b">3673459902</subfield>
   <subfield code="x">20592</subfield>
   <subfield code="y">l01</subfield>
   <subfield code="z">28-05-20</subfield>
  </datafield>
  <datafield tag="980" ind1=" " ind2=" ">
   <subfield code="2">2021</subfield>
   <subfield code="1">01</subfield>
   <subfield code="b">3672514705</subfield>
   <subfield code="x">20731</subfield>
   <subfield code="y">l01</subfield>
   <subfield code="z">27-05-20</subfield>
  </datafield>
  <datafield tag="980" ind1=" " ind2=" ">
   <subfield code="2">2025</subfield>
   <subfield code="1">01</subfield>
   <subfield code="b">3672514713</subfield>
   <subfield code="k">Campuslizenz - F&#xFC;r Mitglieder der Hochschule auch von ausserhalb des Campusnetzes via VPN oder Shibboleth verf&#xFC;gbar.</subfield>
   <subfield code="x">20735</subfield>
   <subfield code="y">l01</subfield>
   <subfield code="z">27-05-20</subfield>
  </datafield>
  <datafield tag="980" ind1=" " ind2=" ">
   <subfield code="2">2049</subfield>
   <subfield code="1">01</subfield>
   <subfield code="b">3672514721</subfield>
   <subfield code="k">Elektronischer Volltext - nur f&#xFC;r Angeh&#xF6;rige der KH Freiburg</subfield>
   <subfield code="l">nutzbar bis 30.06.2020</subfield>
   <subfield code="x">20828</subfield>
   <subfield code="y">l01</subfield>
   <subfield code="z">27-05-20</subfield>
  </datafield>
  <datafield tag="980" ind1=" " ind2=" ">
   <subfield code="2">2063</subfield>
   <subfield code="1">01</subfield>
   <subfield code="b">367251473X</subfield>
   <subfield code="d">eBook de Gruyter</subfield>
   <subfield code="e">n</subfield>
   <subfield code="k">Elektronischer Volltext - Campuslizenz</subfield>
   <subfield code="x">20838</subfield>
   <subfield code="y">l01</subfield>
   <subfield code="z">27-05-20</subfield>
  </datafield>
  <datafield tag="980" ind1=" " ind2=" ">
   <subfield code="2">2108</subfield>
   <subfield code="1">01</subfield>
   <subfield code="b">3672514748</subfield>
   <subfield code="d">eBook deGruyter</subfield>
   <subfield code="k">Elektronischer Volltext - Campuslizenz</subfield>
   <subfield code="x">20866</subfield>
   <subfield code="y">l01</subfield>
   <subfield code="z">27-05-20</subfield>
  </datafield>
  <datafield tag="980" ind1=" " ind2=" ">
   <subfield code="2">2111</subfield>
   <subfield code="1">01</subfield>
   <subfield code="b">3672514756</subfield>
   <subfield code="d">E-Book De Gruyter</subfield>
   <subfield code="k">Elektronischer Volltext - Campuslizenz</subfield>
   <subfield code="x">20869</subfield>
   <subfield code="y">l01</subfield>
   <subfield code="z">27-05-20</subfield>
  </datafield>
  <datafield tag="980" ind1=" " ind2=" ">
   <subfield code="2">2118</subfield>
   <subfield code="1">01</subfield>
   <subfield code="b">3672514764</subfield>
   <subfield code="d">de Gruyter</subfield>
   <subfield code="k">Elektronischer Volltext - Campuslizenz</subfield>
   <subfield code="x">20877</subfield>
   <subfield code="y">l01</subfield>
   <subfield code="z">27-05-20</subfield>
  </datafield>
  <datafield tag="981" ind1=" " ind2=" ">
   <subfield code="2">11</subfield>
   <subfield code="1">01</subfield>
   <subfield code="r">http://erf.sbb.spk-berlin.de/han/609779974/doi.org/10.1515/9783111360362</subfield>
  </datafield>
  <datafield tag="981" ind1=" " ind2=" ">
   <subfield code="2">21</subfield>
   <subfield code="1">01</subfield>
   <subfield code="r">https://doi.org/10.1515/9783111360362</subfield>
  </datafield>
  <datafield tag="981" ind1=" " ind2=" ">
   <subfield code="2">23</subfield>
   <subfield code="1">01</subfield>
   <subfield code="y">E-books (deGruyter)</subfield>
   <subfield code="r">https://doi.org/10.1515/9783111360362</subfield>
  </datafield>
  <datafield tag="981" ind1=" " ind2=" ">
   <subfield code="2">30</subfield>
   <subfield code="1">01</subfield>
   <subfield code="r">https://doi.org/10.1515/9783111360362</subfield>
  </datafield>
  <datafield tag="981" ind1=" " ind2=" ">
   <subfield code="2">31</subfield>
   <subfield code="1">01</subfield>
   <subfield code="r">https://doi.org/10.1515/9783111360362</subfield>
  </datafield>
  <datafield tag="981" ind1=" " ind2=" ">
   <subfield code="2">34</subfield>
   <subfield code="1">01</subfield>
   <subfield code="r">https://doi.org/10.1515/9783111360362</subfield>
  </datafield>
  <datafield tag="981" ind1=" " ind2=" ">
   <subfield code="2">65</subfield>
   <subfield code="1">01</subfield>
   <subfield code="y">Volltextzugang Campus</subfield>
   <subfield code="r">https://doi.org/10.1515/9783111360362</subfield>
  </datafield>
  <datafield tag="981" ind1=" " ind2=" ">
   <subfield code="2">72</subfield>
   <subfield code="1">01</subfield>
   <subfield code="r">http://hanproxy.gwlb.de/han/degruyter/doi.org/10.1515/9783111360362</subfield>
  </datafield>
  <datafield tag="981" ind1=" " ind2=" ">
   <subfield code="2">74</subfield>
   <subfield code="1">01</subfield>
   <subfield code="y">Volltext, Campuszugriff</subfield>
   <subfield code="r">https://doi.org/10.1515/9783111360362</subfield>
  </datafield>
  <datafield tag="981" ind1=" " ind2=" ">
   <subfield code="2">74</subfield>
   <subfield code="1">01</subfield>
   <subfield code="y">Volltext, Externer Zugriff</subfield>
   <subfield code="r">http://HAN.mh-hannover.de/han/springer-ebook/doi.org/10.1515/9783111360362</subfield>
  </datafield>
  <datafield tag="981" ind1=" " ind2=" ">
   <subfield code="2">90</subfield>
   <subfield code="1">01</subfield>
   <subfield code="r">https://doi.org/10.1515/9783111360362</subfield>
  </datafield>
  <datafield tag="981" ind1=" " ind2=" ">
   <subfield code="2">95</subfield>
   <subfield code="1">01</subfield>
   <subfield code="r">https://doi.org/10.1515/9783111360362</subfield>
  </datafield>
  <datafield tag="981" ind1=" " ind2=" ">
   <subfield code="2">110</subfield>
   <subfield code="1">01</subfield>
   <subfield code="r">https://doi.org/10.1515/9783111360362</subfield>
  </datafield>
  <datafield tag="981" ind1=" " ind2=" ">
   <subfield code="2">120</subfield>
   <subfield code="1">01</subfield>
   <subfield code="r">https://doi.org/10.1515/9783111360362</subfield>
  </datafield>
  <datafield tag="981" ind1=" " ind2=" ">
   <subfield code="2">120</subfield>
   <subfield code="1">02</subfield>
   <subfield code="r">http://49gbv-uob-primo.hosted.exlibrisgroup.com/openurl/49GBV_UOB/UOB_services_page?u.ignore_date_coverage=true&amp;rft.mms_id=991014965618003501</subfield>
  </datafield>
  <datafield tag="981" ind1=" " ind2=" ">
   <subfield code="2">122</subfield>
   <subfield code="1">01</subfield>
   <subfield code="r">https://doi.org/10.1515/9783111360362</subfield>
  </datafield>
  <datafield tag="981" ind1=" " ind2=" ">
   <subfield code="2">140</subfield>
   <subfield code="1">01</subfield>
   <subfield code="r">https://doi.org/10.1515/9783111360362</subfield>
  </datafield>
  <datafield tag="981" ind1=" " ind2=" ">
   <subfield code="2">264</subfield>
   <subfield code="1">01</subfield>
   <subfield code="r">https://doi.org/10.1515/9783111360362</subfield>
  </datafield>
  <datafield tag="981" ind1=" " ind2=" ">
   <subfield code="2">2005</subfield>
   <subfield code="1">01</subfield>
   <subfield code="r">https://doi.org/10.1515/9783111360362</subfield>
  </datafield>
  <datafield tag="981" ind1=" " ind2=" ">
   <subfield code="2">2014</subfield>
   <subfield code="1">01</subfield>
   <subfield code="r">https://doi.org/10.1515/9783111360362</subfield>
  </datafield>
  <datafield tag="981" ind1=" " ind2=" ">
   <subfield code="2">2021</subfield>
   <subfield code="1">01</subfield>
   <subfield code="r">https://doi.org/10.1515/9783111360362</subfield>
  </datafield>
  <datafield tag="981" ind1=" " ind2=" ">
   <subfield code="2">2025</subfield>
   <subfield code="1">01</subfield>
   <subfield code="r">https://doi.org/10.1515/9783111360362</subfield>
  </datafield>
  <datafield tag="981" ind1=" " ind2=" ">
   <subfield code="2">2049</subfield>
   <subfield code="1">01</subfield>
   <subfield code="r">https://doi.org/10.1515/9783111360362</subfield>
  </datafield>
  <datafield tag="981" ind1=" " ind2=" ">
   <subfield code="2">2063</subfield>
   <subfield code="1">01</subfield>
   <subfield code="r">https://doi.org/10.1515/9783111360362</subfield>
  </datafield>
  <datafield tag="981" ind1=" " ind2=" ">
   <subfield code="2">2108</subfield>
   <subfield code="1">01</subfield>
   <subfield code="r">https://doi.org/10.1515/9783111360362</subfield>
  </datafield>
  <datafield tag="981" ind1=" " ind2=" ">
   <subfield code="2">2111</subfield>
   <subfield code="1">01</subfield>
   <subfield code="r">https://doi.org/10.1515/9783111360362</subfield>
  </datafield>
  <datafield tag="981" ind1=" " ind2=" ">
   <subfield code="2">2118</subfield>
   <subfield code="1">01</subfield>
   <subfield code="r">https://doi.org/10.1515/9783111360362</subfield>
  </datafield>
  <datafield tag="982" ind1=" " ind2=" ">
   <subfield code="2">31</subfield>
   <subfield code="1">01</subfield>
   <subfield code="8">00</subfield>
   <subfield code="a">deGruyter E-Book (PDA 2020)</subfield>
  </datafield>
  <datafield tag="983" ind1=" " ind2=" ">
   <subfield code="2">120</subfield>
   <subfield code="1">00</subfield>
   <subfield code="8">99</subfield>
   <subfield code="a">ww</subfield>
  </datafield>
  <datafield tag="983" ind1=" " ind2=" ">
   <subfield code="2">2049</subfield>
   <subfield code="1">01</subfield>
   <subfield code="8">00</subfield>
   <subfield code="0">(DE-627)1696742277</subfield>
   <subfield code="a">eBook CORfree DeGruyter</subfield>
  </datafield>
  <datafield tag="983" ind1=" " ind2=" ">
   <subfield code="2">2111</subfield>
   <subfield code="1">01</subfield>
   <subfield code="8">00</subfield>
   <subfield code="0">(DE-627)1353370437</subfield>
   <subfield code="a">e-Book</subfield>
  </datafield>
  <datafield tag="985" ind1=" " ind2=" ">
   <subfield code="2">23</subfield>
   <subfield code="1">01</subfield>
   <subfield code="a">2019-01998, 2019-01999, 2019-02000, 2019-02001, 2019-02002</subfield>
  </datafield>
  <datafield tag="985" ind1=" " ind2=" ">
   <subfield code="2">72</subfield>
   <subfield code="1">01</subfield>
   <subfield code="a">ebk1</subfield>
  </datafield>
  <datafield tag="995" ind1=" " ind2=" ">
   <subfield code="2">11</subfield>
   <subfield code="1">01</subfield>
   <subfield code="a">DeGruyter</subfield>
  </datafield>
  <datafield tag="995" ind1=" " ind2=" ">
   <subfield code="2">21</subfield>
   <subfield code="1">01</subfield>
   <subfield code="a">ebook_2019_degruyter_ebs</subfield>
  </datafield>
  <datafield tag="995" ind1=" " ind2=" ">
   <subfield code="2">23</subfield>
   <subfield code="1">01</subfield>
   <subfield code="a">olr-degruyter3</subfield>
  </datafield>
  <datafield tag="995" ind1=" " ind2=" ">
   <subfield code="2">30</subfield>
   <subfield code="1">01</subfield>
   <subfield code="a">OLR-DG-PDA</subfield>
  </datafield>
  <datafield tag="995" ind1=" " ind2=" ">
   <subfield code="2">34</subfield>
   <subfield code="1">01</subfield>
   <subfield code="a">OLR-DG-Corona</subfield>
  </datafield>
  <datafield tag="995" ind1=" " ind2=" ">
   <subfield code="2">65</subfield>
   <subfield code="1">01</subfield>
   <subfield code="a">OLR-ZDB-23-GBE</subfield>
  </datafield>
  <datafield tag="995" ind1=" " ind2=" ">
   <subfield code="2">72</subfield>
   <subfield code="1">01</subfield>
   <subfield code="a">OLR-DG-PDA11SSHE</subfield>
  </datafield>
  <datafield tag="995" ind1=" " ind2=" ">
   <subfield code="2">74</subfield>
   <subfield code="1">01</subfield>
   <subfield code="a">OLR-ESP</subfield>
  </datafield>
  <datafield tag="995" ind1=" " ind2=" ">
   <subfield code="2">90</subfield>
   <subfield code="1">01</subfield>
   <subfield code="a">OLR-HILdegruyter</subfield>
  </datafield>
  <datafield tag="995" ind1=" " ind2=" ">
   <subfield code="2">95</subfield>
   <subfield code="1">01</subfield>
   <subfield code="a">OLR-DEGRUYTER</subfield>
  </datafield>
  <datafield tag="995" ind1=" " ind2=" ">
   <subfield code="2">110</subfield>
   <subfield code="1">01</subfield>
   <subfield code="a">OLR-DEGRUYTER-EBS-2018</subfield>
  </datafield>
  <datafield tag="995" ind1=" " ind2=" ">
   <subfield code="2">120</subfield>
   <subfield code="1">02</subfield>
   <subfield code="a">alma</subfield>
  </datafield>
  <datafield tag="995" ind1=" " ind2=" ">
   <subfield code="2">122</subfield>
   <subfield code="1">01</subfield>
   <subfield code="a">OLR-deGruyter-EBS</subfield>
  </datafield>
  <datafield tag="995" ind1=" " ind2=" ">
   <subfield code="2">140</subfield>
   <subfield code="1">01</subfield>
   <subfield code="a">OLR-deGruyter-EBS</subfield>
  </datafield>
  <datafield tag="995" ind1=" " ind2=" ">
   <subfield code="2">264</subfield>
   <subfield code="1">01</subfield>
   <subfield code="a">OLR-deGruyter-EBS</subfield>
  </datafield>
  <datafield tag="998" ind1=" " ind2=" ">
   <subfield code="2">23</subfield>
   <subfield code="1">01</subfield>
   <subfield code="0">2020.02.12</subfield>
  </datafield>
 <format>eBook</format></record>