


<record xmlns:xsi="http://www.w3.org/2001/XMLSchema-instance" xmlns="http://www.loc.gov/MARC21/slim" xsi:schemaLocation="http://www.loc.gov/MARC21/slim http://www.loc.gov/standards/marcxml/schema/MARC21slim.xsd" type="Bibliographic">
  <leader>03215cam a2200961  c4500</leader>
  <controlfield tag="001">308466047</controlfield>
  <controlfield tag="003">DE-627</controlfield>
  <controlfield tag="005">20190527213002.0</controlfield>
  <controlfield tag="007">tu</controlfield>
  <controlfield tag="008">991228s1999    xx |||||      00| ||ger c</controlfield>
  <datafield tag="035" ind1=" " ind2=" ">
   <subfield code="a">(DE-627)308466047</subfield>
  </datafield>
  <datafield tag="035" ind1=" " ind2=" ">
   <subfield code="a">(DE-599)GBV308466047</subfield>
  </datafield>
  <datafield tag="035" ind1=" " ind2=" ">
   <subfield code="a">(OCoLC)313577504</subfield>
  </datafield>
  <datafield tag="040" ind1=" " ind2=" ">
   <subfield code="a">DE-627</subfield>
   <subfield code="b">ger</subfield>
   <subfield code="c">DE-627</subfield>
   <subfield code="e">rakwb</subfield>
  </datafield>
  <datafield tag="041" ind1=" " ind2=" ">
   <subfield code="a">ger</subfield>
  </datafield>
  <datafield tag="044" ind1=" " ind2=" ">
   <subfield code="c">XA-DE</subfield>
  </datafield>
  <datafield tag="100" ind1="1" ind2=" ">
   <subfield code="a">Beckwith, Carol</subfield>
   <subfield code="e">verfasserin</subfield>
   <subfield code="4">aut</subfield>
  </datafield>
  <datafield tag="245" ind1="1" ind2="0">
   <subfield code="a">Afrika</subfield>
   <subfield code="b">Kulte, Feste, Rituale</subfield>
   <subfield code="n">Bd. 1</subfield>
   <subfield code="c">Carol Beckwith,  Angela Fisher</subfield>
  </datafield>
  <datafield tag="264" ind1=" " ind2="1">
   <subfield code="a">M&#xFC;nchen</subfield>
   <subfield code="b">Bucher</subfield>
   <subfield code="c">1999</subfield>
  </datafield>
  <datafield tag="300" ind1=" " ind2=" ">
   <subfield code="a">384 S</subfield>
   <subfield code="b">&#xFC;berw. Ill</subfield>
  </datafield>
  <datafield tag="336" ind1=" " ind2=" ">
   <subfield code="a">Text</subfield>
   <subfield code="b">txt</subfield>
   <subfield code="2">rdacontent</subfield>
  </datafield>
  <datafield tag="337" ind1=" " ind2=" ">
   <subfield code="a">ohne Hilfsmittel zu benutzen</subfield>
   <subfield code="b">n</subfield>
   <subfield code="2">rdamedia</subfield>
  </datafield>
  <datafield tag="338" ind1=" " ind2=" ">
   <subfield code="a">Band</subfield>
   <subfield code="b">nc</subfield>
   <subfield code="2">rdacarrier</subfield>
  </datafield>
  <datafield tag="700" ind1="1" ind2=" ">
   <subfield code="a">Fisher, Angela</subfield>
   <subfield code="e">verfasserin</subfield>
   <subfield code="4">aut</subfield>
  </datafield>
  <datafield tag="773" ind1="1" ind2="8">
   <subfield code="w">(DE-627)304779296</subfield>
   <subfield code="g">Bd. 1</subfield>
   <subfield code="q">1.1999</subfield>
  </datafield>
  <datafield tag="912" ind1=" " ind2=" ">
   <subfield code="a">GBV_ILN_31</subfield>
  </datafield>
  <datafield tag="912" ind1=" " ind2=" ">
   <subfield code="a">SYSFLAG_1</subfield>
  </datafield>
  <datafield tag="912" ind1=" " ind2=" ">
   <subfield code="a">GBV_KXP</subfield>
  </datafield>
  <datafield tag="912" ind1=" " ind2=" ">
   <subfield code="a">GBV_ILN_34</subfield>
  </datafield>
  <datafield tag="912" ind1=" " ind2=" ">
   <subfield code="a">GBV_ILN_65</subfield>
  </datafield>
  <datafield tag="912" ind1=" " ind2=" ">
   <subfield code="a">GBV_ILN_66</subfield>
  </datafield>
  <datafield tag="912" ind1=" " ind2=" ">
   <subfield code="a">GBV_ILN_127</subfield>
  </datafield>
  <datafield tag="912" ind1=" " ind2=" ">
   <subfield code="a">GBV_ILN_135</subfield>
  </datafield>
  <datafield tag="912" ind1=" " ind2=" ">
   <subfield code="a">GBV_ILN_203</subfield>
  </datafield>
  <datafield tag="912" ind1=" " ind2=" ">
   <subfield code="a">GBV_ILN_203_m01608</subfield>
  </datafield>
  <datafield tag="912" ind1=" " ind2=" ">
   <subfield code="a">GBV_ILN_283</subfield>
  </datafield>
  <datafield tag="951" ind1=" " ind2=" ">
   <subfield code="a">MV</subfield>
  </datafield>
  <datafield tag="980" ind1=" " ind2=" ">
   <subfield code="2">31</subfield>
   <subfield code="1">01</subfield>
   <subfield code="b">383241693</subfield>
   <subfield code="f">J 24</subfield>
   <subfield code="d">GGR:PA:1000:Bec:1:1999</subfield>
   <subfield code="e">d</subfield>
   <subfield code="x">0027</subfield>
   <subfield code="y">z</subfield>
   <subfield code="z">27-03-00</subfield>
  </datafield>
  <datafield tag="980" ind1=" " ind2=" ">
   <subfield code="2">34</subfield>
   <subfield code="1">01</subfield>
   <subfield code="b">372754767</subfield>
   <subfield code="f">18/285</subfield>
   <subfield code="d">Ka.99.1</subfield>
   <subfield code="e">c</subfield>
   <subfield code="x">3551</subfield>
   <subfield code="y">zi005</subfield>
   <subfield code="z">28-12-99</subfield>
  </datafield>
  <datafield tag="980" ind1=" " ind2=" ">
   <subfield code="2">65</subfield>
   <subfield code="1">01</subfield>
   <subfield code="b">393039412</subfield>
   <subfield code="d">00 C 1 (1)</subfield>
   <subfield code="e">d</subfield>
   <subfield code="x">0003</subfield>
   <subfield code="y">k3</subfield>
   <subfield code="z">20-06-00</subfield>
  </datafield>
  <datafield tag="980" ind1=" " ind2=" ">
   <subfield code="2">66</subfield>
   <subfield code="1">01</subfield>
   <subfield code="b">569022886</subfield>
   <subfield code="d">FH 2 Bec</subfield>
   <subfield code="e">i</subfield>
   <subfield code="d">C 915</subfield>
   <subfield code="x">3066</subfield>
   <subfield code="y">z</subfield>
   <subfield code="z">02-09-02</subfield>
  </datafield>
  <datafield tag="980" ind1=" " ind2=" ">
   <subfield code="2">127</subfield>
   <subfield code="1">01</subfield>
   <subfield code="b">502594950</subfield>
   <subfield code="f">18/258-Gro2</subfield>
   <subfield code="d">Ck, Beck, Afri, (1)</subfield>
   <subfield code="e">c</subfield>
   <subfield code="x">3564</subfield>
   <subfield code="y">zt25801</subfield>
   <subfield code="z">28-06-01</subfield>
  </datafield>
  <datafield tag="980" ind1=" " ind2=" ">
   <subfield code="2">135</subfield>
   <subfield code="1">01</subfield>
   <subfield code="b">682753661</subfield>
   <subfield code="f">AR</subfield>
   <subfield code="d">G/198</subfield>
   <subfield code="x">3313</subfield>
   <subfield code="y">k</subfield>
   <subfield code="z">10-11-04</subfield>
  </datafield>
  <datafield tag="980" ind1=" " ind2=" ">
   <subfield code="2">203</subfield>
   <subfield code="1">01</subfield>
   <subfield code="b">914706950</subfield>
   <subfield code="f">H16</subfield>
   <subfield code="d">Af 172 d / 1</subfield>
   <subfield code="e">c</subfield>
   <subfield code="x">3522</subfield>
   <subfield code="y">zm01608</subfield>
   <subfield code="z">11-12-08</subfield>
  </datafield>
  <datafield tag="980" ind1=" " ind2=" ">
   <subfield code="2">283</subfield>
   <subfield code="1">01</subfield>
   <subfield code="b">404897169</subfield>
   <subfield code="d">GN645 Beck1999/1</subfield>
   <subfield code="e">s</subfield>
   <subfield code="x">3283</subfield>
   <subfield code="y">z</subfield>
   <subfield code="z">29-09-00</subfield>
  </datafield>
  <datafield tag="982" ind1=" " ind2=" ">
   <subfield code="2">203</subfield>
   <subfield code="1">01</subfield>
   <subfield code="8">00</subfield>
   <subfield code="a">Afrika</subfield>
  </datafield>
  <datafield tag="982" ind1=" " ind2=" ">
   <subfield code="2">203</subfield>
   <subfield code="1">01</subfield>
   <subfield code="8">01</subfield>
   <subfield code="a">Gesellschaft</subfield>
  </datafield>
  <datafield tag="982" ind1=" " ind2=" ">
   <subfield code="2">203</subfield>
   <subfield code="1">01</subfield>
   <subfield code="8">02</subfield>
   <subfield code="a">Religion</subfield>
  </datafield>
  <datafield tag="982" ind1=" " ind2=" ">
   <subfield code="2">203</subfield>
   <subfield code="1">01</subfield>
   <subfield code="8">03</subfield>
   <subfield code="a">Kindheit</subfield>
  </datafield>
  <datafield tag="982" ind1=" " ind2=" ">
   <subfield code="2">203</subfield>
   <subfield code="1">01</subfield>
   <subfield code="8">04</subfield>
   <subfield code="a">Beschneidung</subfield>
  </datafield>
  <datafield tag="982" ind1=" " ind2=" ">
   <subfield code="2">203</subfield>
   <subfield code="1">01</subfield>
   <subfield code="8">05</subfield>
   <subfield code="a">Ritual</subfield>
  </datafield>
  <datafield tag="982" ind1=" " ind2=" ">
   <subfield code="2">203</subfield>
   <subfield code="1">01</subfield>
   <subfield code="8">06</subfield>
   <subfield code="a">Pubert&#xE4;tsritual</subfield>
  </datafield>
  <datafield tag="982" ind1=" " ind2=" ">
   <subfield code="2">203</subfield>
   <subfield code="1">01</subfield>
   <subfield code="8">07</subfield>
   <subfield code="a">Reiferitual</subfield>
  </datafield>
  <datafield tag="982" ind1=" " ind2=" ">
   <subfield code="2">203</subfield>
   <subfield code="1">01</subfield>
   <subfield code="8">08</subfield>
   <subfield code="a">Brauch</subfield>
  </datafield>
  <datafield tag="982" ind1=" " ind2=" ">
   <subfield code="2">203</subfield>
   <subfield code="1">01</subfield>
   <subfield code="8">09</subfield>
   <subfield code="a">Hochzeitsbrauch</subfield>
  </datafield>
  <datafield tag="982" ind1=" " ind2=" ">
   <subfield code="2">203</subfield>
   <subfield code="1">01</subfield>
   <subfield code="8">10</subfield>
   <subfield code="a">Ehe</subfield>
  </datafield>
  <datafield tag="982" ind1=" " ind2=" ">
   <subfield code="2">203</subfield>
   <subfield code="1">01</subfield>
   <subfield code="8">11</subfield>
   <subfield code="a">K&#xF6;nigtum</subfield>
  </datafield>
  <datafield tag="982" ind1=" " ind2=" ">
   <subfield code="2">203</subfield>
   <subfield code="1">01</subfield>
   <subfield code="8">12</subfield>
   <subfield code="a">Afrikaner</subfield>
  </datafield>
  <datafield tag="982" ind1=" " ind2=" ">
   <subfield code="2">283</subfield>
   <subfield code="1">01</subfield>
   <subfield code="8">00</subfield>
   <subfield code="a">Africa</subfield>
  </datafield>
  <datafield tag="982" ind1=" " ind2=" ">
   <subfield code="2">283</subfield>
   <subfield code="1">01</subfield>
   <subfield code="8">01</subfield>
   <subfield code="a">Rites and ceremonies</subfield>
  </datafield>
  <datafield tag="982" ind1=" " ind2=" ">
   <subfield code="2">283</subfield>
   <subfield code="1">01</subfield>
   <subfield code="8">02</subfield>
   <subfield code="a">Ritual</subfield>
  </datafield>
  <datafield tag="982" ind1=" " ind2=" ">
   <subfield code="2">283</subfield>
   <subfield code="1">01</subfield>
   <subfield code="8">03</subfield>
   <subfield code="a">Marriage rites and customs</subfield>
  </datafield>
  <datafield tag="982" ind1=" " ind2=" ">
   <subfield code="2">283</subfield>
   <subfield code="1">01</subfield>
   <subfield code="8">04</subfield>
   <subfield code="a">Religious life and customs</subfield>
  </datafield>
  <datafield tag="982" ind1=" " ind2=" ">
   <subfield code="2">283</subfield>
   <subfield code="1">01</subfield>
   <subfield code="8">05</subfield>
   <subfield code="a">Initiation rites</subfield>
  </datafield>
  <datafield tag="982" ind1=" " ind2=" ">
   <subfield code="2">283</subfield>
   <subfield code="1">01</subfield>
   <subfield code="8">06</subfield>
   <subfield code="a">Social life and customs</subfield>
  </datafield>
  <datafield tag="983" ind1=" " ind2=" ">
   <subfield code="2">203</subfield>
   <subfield code="1">01</subfield>
   <subfield code="8">00</subfield>
   <subfield code="a">Af 171</subfield>
  </datafield>
  <datafield tag="983" ind1=" " ind2=" ">
   <subfield code="2">203</subfield>
   <subfield code="1">01</subfield>
   <subfield code="8">01</subfield>
   <subfield code="a">Af 205</subfield>
  </datafield>
  <datafield tag="983" ind1=" " ind2=" ">
   <subfield code="2">283</subfield>
   <subfield code="1">01</subfield>
   <subfield code="8">00</subfield>
   <subfield code="a">GN643</subfield>
  </datafield>
  <datafield tag="983" ind1=" " ind2=" ">
   <subfield code="2">283</subfield>
   <subfield code="1">01</subfield>
   <subfield code="8">01</subfield>
   <subfield code="a">A35</subfield>
  </datafield>
  <datafield tag="984" ind1=" " ind2=" ">
   <subfield code="2">31</subfield>
   <subfield code="1">01</subfield>
   <subfield code="a">27$007722303</subfield>
  </datafield>
  <datafield tag="984" ind1=" " ind2=" ">
   <subfield code="2">34</subfield>
   <subfield code="1">01</subfield>
   <subfield code="a">GE017551</subfield>
  </datafield>
  <datafield tag="984" ind1=" " ind2=" ">
   <subfield code="2">65</subfield>
   <subfield code="1">01</subfield>
   <subfield code="a">3$002548011</subfield>
  </datafield>
  <datafield tag="984" ind1=" " ind2=" ">
   <subfield code="2">66</subfield>
   <subfield code="1">01</subfield>
   <subfield code="a">HA125$00526541</subfield>
  </datafield>
  <datafield tag="984" ind1=" " ind2=" ">
   <subfield code="2">127</subfield>
   <subfield code="1">01</subfield>
   <subfield code="a">0000051648</subfield>
  </datafield>
  <datafield tag="984" ind1=" " ind2=" ">
   <subfield code="2">135</subfield>
   <subfield code="1">01</subfield>
   <subfield code="a">682753661</subfield>
  </datafield>
  <datafield tag="984" ind1=" " ind2=" ">
   <subfield code="2">283</subfield>
   <subfield code="1">01</subfield>
   <subfield code="a">3283$001480X</subfield>
  </datafield>
  <datafield tag="985" ind1=" " ind2=" ">
   <subfield code="2">31</subfield>
   <subfield code="1">01</subfield>
   <subfield code="a">A39217/1</subfield>
  </datafield>
  <datafield tag="985" ind1=" " ind2=" ">
   <subfield code="2">34</subfield>
   <subfield code="1">01</subfield>
   <subfield code="a">99.649</subfield>
  </datafield>
  <datafield tag="985" ind1=" " ind2=" ">
   <subfield code="2">66</subfield>
   <subfield code="1">01</subfield>
   <subfield code="a">BG 02/646</subfield>
  </datafield>
  <datafield tag="985" ind1=" " ind2=" ">
   <subfield code="2">127</subfield>
   <subfield code="1">01</subfield>
   <subfield code="a">2001:574</subfield>
  </datafield>
  <datafield tag="985" ind1=" " ind2=" ">
   <subfield code="2">135</subfield>
   <subfield code="1">01</subfield>
   <subfield code="a">2004/1278</subfield>
  </datafield>
  <datafield tag="985" ind1=" " ind2=" ">
   <subfield code="2">203</subfield>
   <subfield code="1">01</subfield>
   <subfield code="a">00:327</subfield>
  </datafield>
  <datafield tag="985" ind1=" " ind2=" ">
   <subfield code="2">283</subfield>
   <subfield code="1">01</subfield>
   <subfield code="a">2000/1725,1</subfield>
  </datafield>
 <format>Book</format></record>