


<record xmlns:xsi="http://www.w3.org/2001/XMLSchema-instance" xmlns="http://www.loc.gov/MARC21/slim" xsi:schemaLocation="http://www.loc.gov/MARC21/slim http://www.loc.gov/standards/marcxml/schema/MARC21slim.xsd" type="Bibliographic">
  <leader>02564naa a22007932  4500</leader>
  <controlfield tag="001">1455205524</controlfield>
  <controlfield tag="003">DE-627</controlfield>
  <controlfield tag="005">20130702110621.0</controlfield>
  <controlfield tag="007">tu</controlfield>
  <controlfield tag="008">130702s2012    xx |||||      00| ||ger c</controlfield>
  <datafield tag="035" ind1=" " ind2=" ">
   <subfield code="a">(DE-627)1455205524</subfield>
  </datafield>
  <datafield tag="035" ind1=" " ind2=" ">
   <subfield code="a">(DE-576)38520552X</subfield>
  </datafield>
  <datafield tag="035" ind1=" " ind2=" ">
   <subfield code="a">(DE-599)BSZ38520552X</subfield>
  </datafield>
  <datafield tag="035" ind1=" " ind2=" ">
   <subfield code="a">(DE-615)00854838</subfield>
  </datafield>
  <datafield tag="040" ind1=" " ind2=" ">
   <subfield code="a">DE-627</subfield>
   <subfield code="b">ger</subfield>
   <subfield code="c">DE-627</subfield>
   <subfield code="e">rakwb</subfield>
  </datafield>
  <datafield tag="041" ind1=" " ind2=" ">
   <subfield code="a">ger</subfield>
  </datafield>
  <datafield tag="084" ind1=" " ind2=" ">
   <subfield code="a">SB07</subfield>
   <subfield code="2">FIV</subfield>
  </datafield>
  <datafield tag="084" ind1=" " ind2=" ">
   <subfield code="a">RE</subfield>
   <subfield code="2">FIV</subfield>
  </datafield>
  <datafield tag="100" ind1="1" ind2=" ">
   <subfield code="a">Berensmann, Kathrin</subfield>
   <subfield code="e">verfasserin</subfield>
   <subfield code="4">aut</subfield>
  </datafield>
  <datafield tag="245" ind1="1" ind2="0">
   <subfield code="a">AfDB - Afrikanische Entwicklungsbank</subfield>
   <subfield code="c">Kathrin Berensmann</subfield>
  </datafield>
  <datafield tag="264" ind1=" " ind2="1">
   <subfield code="c">2012</subfield>
  </datafield>
  <datafield tag="300" ind1=" " ind2=" ">
   <subfield code="e">Lit. S. 42-43</subfield>
  </datafield>
  <datafield tag="336" ind1=" " ind2=" ">
   <subfield code="a">Text</subfield>
   <subfield code="b">txt</subfield>
   <subfield code="2">rdacontent</subfield>
  </datafield>
  <datafield tag="337" ind1=" " ind2=" ">
   <subfield code="a">ohne Hilfsmittel zu benutzen</subfield>
   <subfield code="b">n</subfield>
   <subfield code="2">rdamedia</subfield>
  </datafield>
  <datafield tag="338" ind1=" " ind2=" ">
   <subfield code="a">Band</subfield>
   <subfield code="b">nc</subfield>
   <subfield code="2">rdacarrier</subfield>
  </datafield>
  <datafield tag="591" ind1=" " ind2=" ">
   <subfield code="a">IMD-Felder und 1131 maschinell erg&#xE4;nzt (SWB)</subfield>
  </datafield>
  <datafield tag="650" ind1=" " ind2="4">
   <subfield code="a">Afrika</subfield>
   <subfield code="x">Internationale Organisation</subfield>
   <subfield code="x">African Development Bank (Abidjan)</subfield>
   <subfield code="x">Entwicklung internationalen Akteurs</subfield>
   <subfield code="x">Entwicklungsperspektive und -tendenz</subfield>
  </datafield>
  <datafield tag="773" ind1="0" ind2="8">
   <subfield code="i">In</subfield>
   <subfield code="t">Handbuch Internationale Organisationen</subfield>
   <subfield code="d">M&#xFC;nchen : Oldenbourg, 2012</subfield>
   <subfield code="g">, Seite 38-43</subfield>
   <subfield code="h">VI, 311 S.</subfield>
   <subfield code="w">(DE-627)525481273</subfield>
   <subfield code="w">(DE-576)262622378</subfield>
   <subfield code="z">9783486583106</subfield>
  </datafield>
  <datafield tag="912" ind1=" " ind2=" ">
   <subfield code="a">GBV_ILN_2040</subfield>
  </datafield>
  <datafield tag="912" ind1=" " ind2=" ">
   <subfield code="a">SYSFLAG_1</subfield>
  </datafield>
  <datafield tag="912" ind1=" " ind2=" ">
   <subfield code="a">GBV_KXP</subfield>
  </datafield>
  <datafield tag="912" ind1=" " ind2=" ">
   <subfield code="a">GBV_ILN_11</subfield>
  </datafield>
  <datafield tag="912" ind1=" " ind2=" ">
   <subfield code="a">GBV_ILN_20</subfield>
  </datafield>
  <datafield tag="912" ind1=" " ind2=" ">
   <subfield code="a">GBV_ILN_21</subfield>
  </datafield>
  <datafield tag="912" ind1=" " ind2=" ">
   <subfield code="a">GBV_ILN_22</subfield>
  </datafield>
  <datafield tag="912" ind1=" " ind2=" ">
   <subfield code="a">GBV_ILN_24</subfield>
  </datafield>
  <datafield tag="912" ind1=" " ind2=" ">
   <subfield code="a">GBV_ILN_26</subfield>
  </datafield>
  <datafield tag="912" ind1=" " ind2=" ">
   <subfield code="a">GBV_ILN_31</subfield>
  </datafield>
  <datafield tag="912" ind1=" " ind2=" ">
   <subfield code="a">GBV_ILN_34</subfield>
  </datafield>
  <datafield tag="912" ind1=" " ind2=" ">
   <subfield code="a">GBV_ILN_40</subfield>
  </datafield>
  <datafield tag="912" ind1=" " ind2=" ">
   <subfield code="a">GBV_ILN_60</subfield>
  </datafield>
  <datafield tag="912" ind1=" " ind2=" ">
   <subfield code="a">GBV_ILN_62</subfield>
  </datafield>
  <datafield tag="912" ind1=" " ind2=" ">
   <subfield code="a">GBV_ILN_63</subfield>
  </datafield>
  <datafield tag="912" ind1=" " ind2=" ">
   <subfield code="a">GBV_ILN_65</subfield>
  </datafield>
  <datafield tag="912" ind1=" " ind2=" ">
   <subfield code="a">GBV_ILN_69</subfield>
  </datafield>
  <datafield tag="912" ind1=" " ind2=" ">
   <subfield code="a">GBV_ILN_70</subfield>
  </datafield>
  <datafield tag="912" ind1=" " ind2=" ">
   <subfield code="a">GBV_ILN_90</subfield>
  </datafield>
  <datafield tag="912" ind1=" " ind2=" ">
   <subfield code="a">GBV_ILN_100</subfield>
  </datafield>
  <datafield tag="912" ind1=" " ind2=" ">
   <subfield code="a">GBV_ILN_120</subfield>
  </datafield>
  <datafield tag="912" ind1=" " ind2=" ">
   <subfield code="a">GBV_ILN_121</subfield>
  </datafield>
  <datafield tag="912" ind1=" " ind2=" ">
   <subfield code="a">GBV_ILN_130</subfield>
  </datafield>
  <datafield tag="912" ind1=" " ind2=" ">
   <subfield code="a">GBV_ILN_131</subfield>
  </datafield>
  <datafield tag="912" ind1=" " ind2=" ">
   <subfield code="a">GBV_ILN_132</subfield>
  </datafield>
  <datafield tag="912" ind1=" " ind2=" ">
   <subfield code="a">GBV_ILN_138</subfield>
  </datafield>
  <datafield tag="912" ind1=" " ind2=" ">
   <subfield code="a">GBV_ILN_227</subfield>
  </datafield>
  <datafield tag="912" ind1=" " ind2=" ">
   <subfield code="a">GBV_ILN_231</subfield>
  </datafield>
  <datafield tag="912" ind1=" " ind2=" ">
   <subfield code="a">GBV_ILN_274</subfield>
  </datafield>
  <datafield tag="912" ind1=" " ind2=" ">
   <subfield code="a">GBV_ILN_276</subfield>
  </datafield>
  <datafield tag="912" ind1=" " ind2=" ">
   <subfield code="a">GBV_ILN_285</subfield>
  </datafield>
  <datafield tag="912" ind1=" " ind2=" ">
   <subfield code="a">GBV_ILN_2470</subfield>
  </datafield>
  <datafield tag="936" ind1="u" ind2="w">
   <subfield code="h">38-43</subfield>
  </datafield>
  <datafield tag="951" ind1=" " ind2=" ">
   <subfield code="a">AR</subfield>
  </datafield>
  <datafield tag="952" ind1=" " ind2=" ">
   <subfield code="h">38-43</subfield>
  </datafield>
  <datafield tag="980" ind1=" " ind2=" ">
   <subfield code="2">2040</subfield>
   <subfield code="1">01</subfield>
   <subfield code="b">2752612095</subfield>
   <subfield code="d">Hp IV A 102</subfield>
   <subfield code="x">20821</subfield>
   <subfield code="y">l01</subfield>
   <subfield code="z">27-06-12</subfield>
  </datafield>
  <datafield tag="980" ind1=" " ind2=" ">
   <subfield code="2">2470</subfield>
   <subfield code="1">01</subfield>
   <subfield code="b">2758341859</subfield>
   <subfield code="e">p</subfield>
   <subfield code="x">21737</subfield>
   <subfield code="y">l01</subfield>
   <subfield code="z">27-06-12</subfield>
  </datafield>
  <datafield tag="980" ind1=" " ind2=" ">
   <subfield code="2">2470</subfield>
   <subfield code="1">02</subfield>
   <subfield code="b">2808330758</subfield>
   <subfield code="e">n</subfield>
   <subfield code="x">21737</subfield>
   <subfield code="y">l02</subfield>
   <subfield code="z">31-01-14</subfield>
  </datafield>
  <datafield tag="982" ind1=" " ind2=" ">
   <subfield code="2">2470</subfield>
   <subfield code="1">01</subfield>
   <subfield code="8">00</subfield>
   <subfield code="a">Afrika; Internationale Organisation; African Development Bank (Abidjan); Entwicklung internationalen Akteurs; Entwicklungsperspektive und -tendenz</subfield>
  </datafield>
  <datafield tag="983" ind1=" " ind2=" ">
   <subfield code="2">2470</subfield>
   <subfield code="1">01</subfield>
   <subfield code="8">00</subfield>
   <subfield code="a">SB07 Internationale Organisationen/Institutionen</subfield>
  </datafield>
  <datafield tag="983" ind1=" " ind2=" ">
   <subfield code="2">2470</subfield>
   <subfield code="1">01</subfield>
   <subfield code="8">01</subfield>
   <subfield code="a">RE Afrika (insgesamt)</subfield>
  </datafield>
 <format>Article</format></record>