


<record xmlns:xsi="http://www.w3.org/2001/XMLSchema-instance" xmlns="http://www.loc.gov/MARC21/slim" xsi:schemaLocation="http://www.loc.gov/MARC21/slim http://www.loc.gov/standards/marcxml/schema/MARC21slim.xsd" type="Bibliographic">
  <leader>03614nab a22004092  4500</leader>
  <controlfield tag="001">DOAJ048062405</controlfield>
  <controlfield tag="003">DE-627</controlfield>
  <controlfield tag="005">20200523091805.0</controlfield>
  <controlfield tag="007">cr uuu---uuuuu</controlfield>
  <controlfield tag="008">200523s2012    xx |||||o     00| ||eng c</controlfield>
  <datafield tag="024" ind1="7" ind2=" ">
   <subfield code="a">10.1016/j.afju.2012.07.003</subfield>
   <subfield code="2">doi</subfield>
  </datafield>
  <datafield tag="035" ind1=" " ind2=" ">
   <subfield code="a">(DE-627)DOAJ048062405</subfield>
  </datafield>
  <datafield tag="035" ind1=" " ind2=" ">
   <subfield code="a">(DE-599)DOAJbef345ed960246e5a25b1682866cf1c5</subfield>
  </datafield>
  <datafield tag="040" ind1=" " ind2=" ">
   <subfield code="a">DE-627</subfield>
   <subfield code="b">ger</subfield>
   <subfield code="c">DE-627</subfield>
   <subfield code="e">rakwb</subfield>
  </datafield>
  <datafield tag="041" ind1=" " ind2=" ">
   <subfield code="a">eng</subfield>
  </datafield>
  <datafield tag="050" ind1=" " ind2="0">
   <subfield code="a">RC870-923</subfield>
  </datafield>
  <datafield tag="100" ind1="0" ind2=" ">
   <subfield code="a">G. Afrika Gasana</subfield>
   <subfield code="e">verfasserin</subfield>
   <subfield code="4">aut</subfield>
  </datafield>
  <datafield tag="245" ind1="1" ind2="0">
   <subfield code="a">Pattern of presentation and management of patients with undescended testis at Kilimanjaro Christian Medical Center, Tanzania</subfield>
  </datafield>
  <datafield tag="264" ind1=" " ind2="1">
   <subfield code="c">2012</subfield>
  </datafield>
  <datafield tag="336" ind1=" " ind2=" ">
   <subfield code="a">Text</subfield>
   <subfield code="b">txt</subfield>
   <subfield code="2">rdacontent</subfield>
  </datafield>
  <datafield tag="337" ind1=" " ind2=" ">
   <subfield code="a">Computermedien</subfield>
   <subfield code="b">c</subfield>
   <subfield code="2">rdamedia</subfield>
  </datafield>
  <datafield tag="338" ind1=" " ind2=" ">
   <subfield code="a">Online-Ressource</subfield>
   <subfield code="b">cr</subfield>
   <subfield code="2">rdacarrier</subfield>
  </datafield>
  <datafield tag="520" ind1=" " ind2=" ">
   <subfield code="a">Objective: To assess the pattern or presentation, management and advice given to the parents or guardians of patients with undescended testes (UDT) at Kilimanjaro Christian Medical Center, Tanzania. Subjects and methods: From July 2010 to May 2011, 30 patients with UDT were prospectively evaluated regarding age at surgery, place of birth, information given to parents or guardians, side and site affected, results of ultrasonography, findings on surgical exploration, follow-up and surgical outcome. Results: The median age at surgery was 6 years (range 1&#x2013;36 years), 4 patients (13.3%) had orchidopexy before 2 years of age, 6 (20%) before 5 years and 4 (13.3%) after 18 years of age. The UDT was on the right side in 56.7%, on the left side in 26.7%, bilateral in 16.7%, in the inguinal region in 70% and in the abdomen in 30%. An associated malformation was found in 53.5% of patients: a hernia sac in 13 (43.3%), hypospadias in 2 (6.7%) and a hydrocele in 1 (3.3%). The UDT was detected by the parents in 13 cases (43.3%), by the patient himself in 9 (30%) and by health care staff in 8 cases (26.7%). Only 10 parents (33.3%) received advice from health care staff: 6 were advised for surgery and 4 were advised to await spontaneous descent. Preoperative ultrasonography was false negative in 56% of cases. Orchidopexy was performed in 28 (93.3%) patients (the testis was secured in the scrotum in 23 and in the high inguino-scrotal position in 5), and 2 (6.7%) underwent orchidectomy. At 3-month follow-up the testes were situated in the scrotum (not retracted) in 25 patients (3 were lost to follow-up). Conclusions: The late presentation detected in this study is alarming, because the majority of patients were diagnosed and treated after 2 years of age. The role of ultrasound in diagnosis of UDT is limited. Health care workers should perform neonatal examination to detect UDT and inform parents that early correction of UDT will decrease the risk of infertility and facilitate future examination to detect the development of testicular malignancy.</subfield>
  </datafield>
  <datafield tag="650" ind1=" " ind2="4">
   <subfield code="a">Undescended testis</subfield>
  </datafield>
  <datafield tag="650" ind1=" " ind2="4">
   <subfield code="a">Testis</subfield>
  </datafield>
  <datafield tag="650" ind1=" " ind2="4">
   <subfield code="a">Infertility orchidopexy</subfield>
  </datafield>
  <datafield tag="653" ind1=" " ind2="0">
   <subfield code="a">Diseases of the genitourinary system. Urology</subfield>
  </datafield>
  <datafield tag="700" ind1="0" ind2=" ">
   <subfield code="a">K.A. Mteta</subfield>
   <subfield code="e">verfasserin</subfield>
   <subfield code="4">aut</subfield>
  </datafield>
  <datafield tag="773" ind1="0" ind2="8">
   <subfield code="i">In</subfield>
   <subfield code="t">African Journal of Urology</subfield>
   <subfield code="d">SpringerOpen, 2016</subfield>
   <subfield code="g">18(2012), 3, Seite 124-126</subfield>
   <subfield code="w">(DE-627)DOAJ044340818</subfield>
   <subfield code="x">11105704</subfield>
  </datafield>
  <datafield tag="856" ind1="4" ind2="0">
   <subfield code="u">https://doi.org/10.1016/j.afju.2012.07.003</subfield>
   <subfield code="z">Kostenfrei</subfield>
  </datafield>
  <datafield tag="856" ind1="4" ind2="0">
   <subfield code="u">https://doaj.org/article/bef345ed960246e5a25b1682866cf1c5</subfield>
   <subfield code="z">Kostenfrei</subfield>
  </datafield>
  <datafield tag="856" ind1="4" ind2="0">
   <subfield code="u">http://www.sciencedirect.com/science/article/pii/S111057041200046X</subfield>
   <subfield code="z">Kostenfrei</subfield>
  </datafield>
  <datafield tag="856" ind1="4" ind2="2">
   <subfield code="u">https://doaj.org/toc/1110-5704</subfield>
   <subfield code="y">Journal toc</subfield>
   <subfield code="z">Kostenfrei</subfield>
  </datafield>
  <datafield tag="912" ind1=" " ind2=" ">
   <subfield code="a">GBV_DOAJ</subfield>
  </datafield>
  <datafield tag="936" ind1="u" ind2="w">
   <subfield code="d">18</subfield>
   <subfield code="j">2012</subfield>
   <subfield code="e">3</subfield>
   <subfield code="h">124-126</subfield>
  </datafield>
  <datafield tag="951" ind1=" " ind2=" ">
   <subfield code="a">AR</subfield>
  </datafield>
  <datafield tag="952" ind1=" " ind2=" ">
   <subfield code="d">18</subfield>
   <subfield code="j">2012</subfield>
   <subfield code="e">3</subfield>
   <subfield code="h">124-126</subfield>
  </datafield>
 <format>electronic Article</format></record>

</collection>